<?xml version="1.0" encoding="UTF-8"?><record xmlns="http://www.loc.gov/MARC21/slim" xmlns:cinclude="http://apache.org/cocoon/include/1.0" xmlns:zs="http://www.loc.gov/zing/srw/">
  <leader>00585cz  a2200205n  4500</leader>
  <controlfield tag="001">n  42026878 </controlfield>
  <controlfield tag="003">DLC</controlfield>
  <controlfield tag="005">20081217075130.0</controlfield>
  <controlfield tag="008">830419nc acaabaaan          |a ana      </controlfield>
  <datafield tag="010" ind1=" " ind2=" ">
    <subfield code="a">n  42026878 </subfield>
  </datafield>
  <datafield tag="035" ind1=" " ind2=" ">
    <subfield code="a">(OCoLC)oca00025011</subfield>
  </datafield>
  <datafield tag="040" ind1=" " ind2=" ">
    <subfield code="a">DLC</subfield>
    <subfield code="b">eng</subfield>
    <subfield code="c">DLC</subfield>
    <subfield code="d">OCoLC</subfield>
  </datafield>
  <datafield tag="130" ind1=" " ind2="0">
    <subfield code="a">Ye jin sheng chan ji shu cong shu</subfield>
  </datafield>
  <datafield tag="430" ind1=" " ind2="0">
    <subfield code="w">nne</subfield>
    <subfield code="a">Yeh chin sheng chʻan chi shu tsʻung shu</subfield>
  </datafield>
  <datafield tag="430" ind1=" " ind2="0">
    <subfield code="a">Yejin shengchan jishu congshu</subfield>
  </datafield>
  <datafield tag="643" ind1=" " ind2=" ">
    <subfield code="a">Beijing</subfield>
    <subfield code="b">Ye jin gong ye chu ban she</subfield>
  </datafield>
  <datafield tag="644" ind1=" " ind2=" ">
    <subfield code="a">f</subfield>
    <subfield code="5">DLC</subfield>
  </datafield>
  <datafield tag="645" ind1=" " ind2=" ">
    <subfield code="a">t</subfield>
    <subfield code="5">DLC</subfield>
  </datafield>
  <datafield tag="646" ind1=" " ind2=" ">
    <subfield code="a">s</subfield>
    <subfield code="5">DLC</subfield>
  </datafield>
  <datafield tag="670" ind1=" " ind2=" ">
    <subfield code="a">Shao chieh kʻuang sheng chʻan, 1981.</subfield>
  </datafield>
</record>